@BOOK{burden:2001qr,
	title = {{N}umerical {A}nalysis},
	publisher = {Brooks/Cole},
	author = {Burden, R.~L. and Faires, J.~D.},
	year = {2001},
	edition = {7th},
}
