@BOOK{burden:2001na,
	title = {{N}umerical {A}nalysis},
	publisher = {Brooks/Cole},
	author = {Burden, R.~L. and Faires, J.~D.},
	year = {2001},
	edition = {7th},
}

@BOOK{burden:2011na,
	title = {{N}umerical {A}nalysis},
	publisher = {Burden, R.L. and Faires, J.D.},
	author = {Burden, R.~L. and Faires, J.~D.},
	year = {2011},
	edition = {9th},
}
